<?xml version="1.0" encoding="UTF-8"?><collection xmlns="http://www.loc.gov/MARC21/slim"><record><leader>00410nam--2200157-i-4500</leader><controlfield tag="001">000020474</controlfield><controlfield tag="002">20161230</controlfield><controlfield tag="005">20161230201033</controlfield><controlfield tag="008">060222s1000------------r-----000-0-eng-d</controlfield><datafield ind1=" " ind2=" " tag="020"><subfield code="a">0-19-851</subfield></datafield><datafield ind1=" " ind2=" " tag="080"><subfield code="a">538.9:548.9</subfield></datafield><datafield ind1=" " ind2=" " tag="245"><subfield code="a">Quasicrystals. a primer</subfield></datafield><datafield ind1=" " ind2=" " tag="260"><subfield code="a">Oxford, Clarendon Press, 1994. 409 P</subfield></datafield><datafield ind1=" " ind2=" " tag="490"><subfield code="a">Monographs On The Physics And Chemistry Of Materials</subfield></datafield><datafield ind1=" " ind2=" " tag="700"><subfield code="a">C.Janot</subfield></datafield><datafield ind1=" " ind2=" " tag="852"><subfield code="a">80368</subfield></datafield></record></collection>